<?xml version="1.0" encoding="UTF-8"?><record xmlns="http://www.loc.gov/MARC21/slim" xmlns:cinclude="http://apache.org/cocoon/include/1.0" xmlns:zs="http://www.loc.gov/zing/srw/">
  <leader>00463cz  a2200133n  4500</leader>
  <controlfield tag="001">n  85374568 </controlfield>
  <controlfield tag="003">DLC</controlfield>
  <controlfield tag="005">20080505075730.0</controlfield>
  <controlfield tag="008">860313n| acannaabn          |n aaa      </controlfield>
  <datafield tag="010" ind1=" " ind2=" ">
    <subfield code="a">n  85374568 </subfield>
  </datafield>
  <datafield tag="035" ind1=" " ind2=" ">
    <subfield code="a">(OCoLC)oca01545026</subfield>
  </datafield>
  <datafield tag="040" ind1=" " ind2=" ">
    <subfield code="a">DLC</subfield>
    <subfield code="b">eng</subfield>
    <subfield code="c">DLC</subfield>
    <subfield code="d">DLC</subfield>
    <subfield code="d">OCoLC</subfield>
  </datafield>
  <datafield tag="100" ind1="1" ind2=" ">
    <subfield code="a">Kraus, Marie</subfield>
  </datafield>
  <datafield tag="670" ind1=" " ind2=" ">
    <subfield code="a">Psychotheological Symposium (11th : 1985 : Boston, Mass., etc.). Fear, c1986:</subfield>
    <subfield code="b">CIP t.p. (Marie Kraus) foreword (Sister; S.N.D. deN.; House of Affirmation, Boston)</subfield>
  </datafield>
</record>